<record><leader>00000cas a2200000 a 4500</leader><controlfield tag="001">12116211</controlfield><controlfield tag="008">850604d18931904iauwr ne      0   a0eng d</controlfield><datafield ind1=" " ind2=" " tag="010"><subfield code="a">sn 87057132 </subfield></datafield><datafield ind1=" " ind2=" " tag="040"><subfield code="a">WIH</subfield><subfield code="b">eng</subfield><subfield code="c">WIH</subfield><subfield code="d">INP</subfield><subfield code="d">OCL</subfield><subfield code="d">OCLCQ</subfield></datafield><datafield ind1=" " ind2=" " tag="042"><subfield code="a">msc</subfield></datafield><datafield ind1=" " ind2=" " tag="043"><subfield code="a">n-us---</subfield></datafield><datafield ind1="0" ind2=" " tag="130"><subfield code="a">Farmers tribune (Des Moines, Iowa)</subfield></datafield><datafield ind1="1" ind2="0" tag="245"><subfield code="a">Farmers tribune.</subfield></datafield><datafield ind1=" " ind2=" " tag="260"><subfield code="a">Des Moines, Iowa :</subfield><subfield code="b">Farmers Tribune Co.</subfield></datafield><datafield ind1=" " ind2=" " tag="300"><subfield code="a">v. :</subfield><subfield code="b">ill.</subfield></datafield><datafield ind1=" " ind2=" " tag="310"><subfield code="a">Weekly</subfield></datafield><datafield ind1="1" ind2=" " tag="362"><subfield code="a">Issued 1893-1904.</subfield></datafield><datafield ind1=" " ind2=" " tag="500"><subfield code="a">An agricultural and reform weekly.</subfield></datafield><datafield ind1=" " ind2=" " tag="500"><subfield code="a">Publisher varies.</subfield></datafield><datafield ind1=" " ind2=" " tag="500"><subfield code="a">Published in Sioux City, Iowa, May 19-&lt;Dec. 29, 1904&gt;.</subfield></datafield><datafield ind1=" " ind2=" " tag="500"><subfield code="a">Editor: &lt;, 1894&gt;-, James B. Weaver.</subfield></datafield><datafield ind1=" " ind2=" " tag="588"><subfield code="a">Description based on: No. 1363 (Feb. 1, 1893).</subfield></datafield><datafield ind1=" " ind2=" " tag="752"><subfield code="a">United States</subfield><subfield code="b">Iowa</subfield><subfield code="c">Polk</subfield><subfield code="d">Des Moines.</subfield></datafield><datafield ind1=" " ind2=" " tag="752"><subfield code="a">United States</subfield><subfield code="b">Iowa</subfield><subfield code="c">Woodbury</subfield><subfield code="d">Sioux City.</subfield></datafield><datafield ind1="0" ind2="0" tag="780"><subfield code="t">Iowa farmers tribune</subfield><subfield code="w">(DLC)sn 87057131</subfield></datafield><datafield ind1=" " ind2=" " tag="936"><subfield code="a">no. 1501 (Sept. 1, 1895)</subfield></datafield></record>